@article{phapalamechhighresol,
author = {Prokop, Hapala and Georgy, Kichin and Christian, Wagner and F. Stefan, Tautz and Ruslan, Temirov and Pavel, Jelinek},
doi = {10.1103/PhysRevB.90.085421},
file = {},
issn = {},
journal = {Phys. Rev. B},
month = aug,
number = {},
pages = {085421},
title = {{Mechanism of high-resolution STM/AFM imaging with functionalized tips}},
url = {},
volume = {90},
year = {2014}
}


@article{phapalaoriginhighresol,
author = {Prokop, Hapala and Ruslan, Temirov and F. Stefan, Tautz and Pavel, Jelinek},
doi = {10.1103/PhysRevLett.113.226101},
file = {},
issn = {},
journal = {Phys. Rev. Lett.},
month = nov,
number = {},
pages = {226101},
title = {{Origin of High-Resolution IETS-STM Images of Organic Molecules with Functionalized Tips}},
url = {},
volume = {113},
year = {2014}
}



@article{ebitzekstructrelaxmadesimple,
author = {Erik, Bitzek and Pekka , Koskinen and Franz, Gähler and  Michael, Moseler and Peter, Gumbsch},
doi = {10.1103/PhysRevLett.97.170201},
file = {},
issn = {},
journal = {Phys. Rev. Lett.},
month = oct,
number = {},
pages = {170201},
title = {{Structural Relaxation Made Simple}},
url = {},
volume = {97},
year = {2006}
}




@article{chshguohighresolmodel,
author = {Chun-Sheng, Guo and Michel A. , Van Hove and Xinguo , Ren and Yong,  Zhao},
doi = {10.1021/jp511214e},
file = {},
issn = {},
journal = {J. Phys. Chem. C},
month = dec,
number = {},
pages = {1483–1488},
title = {{High-Resolution Model for Noncontact Atomic Force Microscopy with a Flexible Molecule on the Tip Apex}},
url = {},
volume = {119(3)},
year = {2014}
}
